<record xmlns="http://www.loc.gov/MARC21/slim" xmlns:xsi="http://www.w3.org/2001/XMLSchema-instance" xsi:schemaLocation="http://www.loc.gov/MARC21/slim http://www.loc.gov/standards/marcxml/schema/MARC21slim.xsd"><leader>00880cz   2200229n  4500</leader><controlfield tag="001">oca00077348 </controlfield><controlfield tag="005">20050427181543.0</controlfield><controlfield tag="008">810212n| acannaab           |a aaa      </controlfield><datafield ind1=" " ind2=" " tag="010"><subfield code="a">n  50042175 </subfield></datafield><datafield ind1=" " ind2=" " tag="040"><subfield code="a">DLC</subfield><subfield code="c">DLC</subfield><subfield code="d">DLC</subfield></datafield><datafield ind1=" " ind2="0" tag="053"><subfield code="a">PA8245</subfield></datafield><datafield ind1="0" ind2=" " tag="100"><subfield code="a">Alcuin,</subfield><subfield code="d">735-804</subfield></datafield><datafield ind1="0" ind2=" " tag="400"><subfield code="a">Ealhwine,</subfield><subfield code="d">735-804</subfield></datafield><datafield ind1="1" ind2=" " tag="400"><subfield code="a">Alcuin, Albinus Flaccus,</subfield><subfield code="d">735-804</subfield></datafield><datafield ind1="0" ind2=" " tag="400"><subfield code="a">Alkuin,</subfield><subfield code="d">735-804</subfield></datafield><datafield ind1="0" ind2=" " tag="400"><subfield code="a">Alcuinus,</subfield><subfield code="d">735-804</subfield></datafield><datafield ind1="0" ind2=" " tag="400"><subfield code="a">Alcuino,</subfield><subfield code="d">735-804</subfield></datafield><datafield ind1="0" ind2=" " tag="400"><subfield code="a">Alkvin,</subfield><subfield code="d">735-804</subfield></datafield><datafield ind1=" " ind2=" " tag="670"><subfield code="a">His Alkuins pädagogische Schriften, 1889</subfield><subfield code="b">(Alkuin)</subfield></datafield><datafield ind1=" " ind2=" " tag="670"><subfield code="a">Hoddinott, A. Overture Jack Straw [SR] p1982:</subfield><subfield code="b">container (Alcuinus)</subfield></datafield><datafield ind1=" " ind2=" " tag="670"><subfield code="a">I, Deug-su. Cultura e ideologia nella prima età carolingia, 1984:</subfield><subfield code="b">p. 5 (Alcuino)</subfield></datafield><datafield ind1=" " ind2=" " tag="670"><subfield code="a">Þrár þýðingar lærðar ... 1989:</subfield><subfield code="b">t.p. (Um kostu og löstu) p. 25 (De virtutibus et vitiis = Um kostu og löstu [by] Alkvin (730-804)</subfield></datafield></record>